<?xml version="1.0" encoding="UTF-8"?><collection><record><leader>06420ntm a2200601 a 4500</leader><controlfield tag="001">006805273</controlfield><controlfield tag="003">MiAaHDL</controlfield><controlfield tag="005">20190719000000.0</controlfield><controlfield tag="006">m        d        </controlfield><controlfield tag="007">cr bn ---auaua</controlfield><controlfield tag="008">090530s1661    xx            00| ||ara d</controlfield><datafield tag="035" ind1=" " ind2=" "><subfield code="a">(MiU)006805273</subfield></datafield><datafield tag="035" ind1=" " ind2=" "><subfield code="a">sdr-miu006805273</subfield></datafield><datafield tag="040" ind1=" " ind2=" "><subfield code="a">MiU</subfield><subfield code="c">MiU</subfield><subfield code="e">amremm</subfield></datafield><datafield tag="043" ind1=" " ind2=" "><subfield code="a">n-us-mi</subfield></datafield><datafield tag="100" ind1="1" ind2=" "><subfield code="6">880-01</subfield><subfield code="a">ʻUthmānī, Muḥammad ibn ʻAbd al-Raḥmān,</subfield><subfield code="d">active 1378.</subfield></datafield><datafield tag="240" ind1="1" ind2="0"><subfield code="6">880-02</subfield><subfield code="a">Raḥmat al-ummah fī ikhtilāf al-aʼimmah</subfield></datafield><datafield tag="245" ind1="1" ind2="0"><subfield code="6">880-03</subfield><subfield code="a">Kitāb al-Raḥmah fī ikhtilāf al-aʼimmah,</subfield><subfield code="f">[1072, i.e. 1661].</subfield></datafield><datafield tag="246" ind1="3" ind2=" "><subfield code="a">رحمة في اختلاف الائمة</subfield></datafield><datafield tag="246" ind1="3" ind2=" "><subfield code="i">Edge title (tail):</subfield><subfield code="a">هذه مجموعه في الفقه</subfield></datafield><datafield tag="260" ind1=" " ind2=" "><subfield code="c">[1661].</subfield></datafield><datafield tag="300" ind1=" " ind2=" "><subfield code="a">208 leaves :</subfield><subfield code="b">paper ;</subfield><subfield code="c">205 x 142 (132 x 78) mm.</subfield></datafield><datafield tag="500" ind1=" " ind2=" "><subfield code="a">Shelfmark: Ann Arbor, University of Michigan, Special Collections Library, Isl. Ms. 587</subfield></datafield><datafield tag="500" ind1=" " ind2=" "><subfield code="a">Origin: As appears in colophon on p.414, transcription completed 24 Muḥarram 1072 [ca. 19 September 1661].</subfield></datafield><datafield tag="500" ind1=" " ind2=" "><subfield code="a">Accompanying materials: Inventory cataloguing slip in hand of Winifred Smeaton Thomas.</subfield></datafield><datafield tag="500" ind1=" " ind2=" "><subfield code="a">Binding: Pasteboards (quite thin, semi-limp) covered in brown leather ; Type III binding (without flap) ; doublures in brown leather ; upper and lower covers carry blind-stamped scalloped mandorla (filled with vegetal composition compare Déroche class. OAi 13) along with tooled rule border ; sewn in lime-green thread, two stations ; only traces of headband remain ; overall in somewhat poor condition with lower cover completely detached at spine, lifting and losses of leather, much abrasion, staining, etc.</subfield></datafield><datafield tag="500" ind1=" " ind2=" "><subfield code="a">Support: European laid paper of at least two types ; mainly with 10 laid lines per cm. (vertical), chain lines spaced 25-27 mm. apart (horizontal), paschal lamb in four-lobed circle watermark (53 mm. tall, see p.401, 414, etc.), and "Td" under trefoil countermark (see p.412), well-burnished to glossy, light cream in color, sturdy though fairly thin and translucent ; occasionally a type with 7 laid lines per cm. (vertical), chain lines spaced 28 mm. apart (horizontal), and anchor in circle watermark ; staining and tide lines.</subfield></datafield><datafield tag="500" ind1=" " ind2=" "><subfield code="a">Decoration: Keywords and section headings rubricated (text to be entered in red supplied in upper margin, occasionally visible) ; textual dividers in the form of red discs.</subfield></datafield><datafield tag="500" ind1=" " ind2=" "><subfield code="a">Script: Naskh ; compact, angular Egyptian or 'Syrian' hand in a medium line ; virtually serifless with pointing mainly in strokes rather than distinct dots, some elongation of horizontal strokes, more rectilinear descenders.</subfield></datafield><datafield tag="500" ind1=" " ind2=" "><subfield code="a">Layout: Written in 23 lines per page ; frame-ruled.</subfield></datafield><datafield tag="500" ind1=" " ind2=" "><subfield code="a">Collation: V-1 (9), 19 V(199), V-1 (208) ; almost exclusively quinions ; catchwords present ; foliation in black ink, Hindu-Arabic numerals ; pagination in pencil, Western numerals, supplied during digitization (mistakenly repeats p.23).</subfield></datafield><datafield tag="500" ind1=" " ind2=" "><subfield code="a">Colophon: "Scribal," triangular, reads " اللهم صلي [صل] وسلم وبارك على اشرف عبادك سيدنا محمد وعلى اله وصحبه اجمعين وكان الفراغ من نسخه في رابع عشرين شهر محرم الحرام افتتاح عام اثنين وسبعين والف حسبنا الله ونعم الوكيل"</subfield></datafield><datafield tag="500" ind1=" " ind2=" "><subfield code="a">Explicit: "قال ابو حنيفة والشافعي واحمد له ذلك وقال مالك لا يجوز له ذلك والله تعالى اعلم تم هذا الكتاب بحمد الله الملك الوهاب ... والحمد لله رب العالمين"</subfield></datafield><datafield tag="500" ind1=" " ind2=" "><subfield code="a">Incipit: "الحمد لله الذي اجزل احسانه وانزل قرأنه وبين فيه قواعد دينه ... وبعد فان معرفة الاجماع واختلاف العلماء من اهم الاشياء وذلك اثر [امر] لازم في حق المجتهد والحكيم ...هذا مختصر ان شاء الله تعالى نافع كثير من مسائل الخلاف ... وسميته رحمة الامة في اختلاف الائمة ..."</subfield></datafield><datafield tag="500" ind1=" " ind2=" "><subfield code="a">Title from 'title page' (p.1).</subfield></datafield><datafield tag="500" ind1=" " ind2=" "><subfield code="a">Ms. codex.</subfield></datafield><datafield tag="510" ind1="4" ind2=" "><subfield code="a">Ḥājjī Khalīfah. Kashf al-ẓunūn,</subfield><subfield code="c">iii 351, no.589</subfield></datafield><datafield tag="510" ind1="4" ind2=" "><subfield code="a">Brockelmann, C. GAL,</subfield><subfield code="c">II 91</subfield></datafield><datafield tag="520" ind1="8" ind2=" "><subfield code="a">Fine copy of the treatise on disputed legal questions among the different madhāhib.</subfield></datafield><datafield tag="538" ind1=" " ind2=" "><subfield code="a">Mode of access: Internet.</subfield></datafield><datafield tag="541" ind1=" " ind2=" "><subfield code="a">Acquired in 1926 from the bookseller Isaac Benjamin S.E. Yahuda via purchase transacted on his behalf by Abraham Shalom Yahuda (1877-1951), his younger brother.</subfield></datafield><datafield tag="546" ind1=" " ind2=" "><subfield code="a">Arabic.</subfield></datafield><datafield tag="561" ind1=" " ind2=" "><subfield code="a">Inscription in black ink on upper cover "حسين خواجه ..." ; ownership statement dated 1072 [1661 or 2] on 'title page' (p.1) in name of ʻAbd Allāh ibn ʻAlī ( عبد الله بن علي )accompanied by oval seal impression, statement reads "ملك هذا المجموع العبد الفقير الى الله القدير عبد الله بن علي غفر الله له ولوالديه ولجميع المسلمين آمين يا رب العالمين م في سنة ١٠٧٢" ; another ownership statement dated 23 Jumādá I 1195 [ca. 17 May 1781] on 'title page' (p.1) in name of al-Sayyid Muḥammad Asʻad ( السيد محمد اسعد ; Seyit Mehmet Esat), qāḍī / kadı in Diyarbakır (آمد) [?] accompanied by oval seal impression, statement reads "تملك هذا الكتاب العبد الداعي السيد محمد اسعد القاضي بمدينة آمد [؟] في سنة خمس وتسعين ومائة والف في ۲۳ حا سنة ۱۱٩٥" ; marginal corrections.</subfield></datafield><datafield tag="650" ind1=" " ind2="0"><subfield code="a">Manuscripts, Arabic</subfield><subfield code="z">Michigan</subfield><subfield code="z">Ann Arbor.</subfield></datafield><datafield tag="650" ind1=" " ind2="0"><subfield code="a">Islamic law</subfield><subfield code="x">Interpretation and construction</subfield><subfield code="v">Early works to 1800.</subfield></datafield><datafield tag="700" ind1="0" ind2=" "><subfield code="6">880-06</subfield><subfield code="a">Mehmet Esat,</subfield><subfield code="d">fl. 1781,</subfield><subfield code="e">former owner.</subfield></datafield><datafield tag="700" ind1="0" ind2=" "><subfield code="6">880-05</subfield><subfield code="a">ʻAbd Allāh ibn ʻAlī,</subfield><subfield code="d">fl. 1661,</subfield><subfield code="e">former owner.</subfield></datafield><datafield tag="773" ind1="0" ind2=" "><subfield code="a">Yahuda Collection.</subfield></datafield><datafield tag="880" ind1="0" ind2=" "><subfield code="6">700-06/</subfield><subfield code="a">محمد اسعد,</subfield><subfield code="e">مالك سابق.</subfield></datafield><datafield tag="880" ind1="0" ind2=" "><subfield code="6">700-05/</subfield><subfield code="a">عبد الله بن علي،</subfield><subfield code="e">ناسخ.</subfield></datafield><datafield tag="880" ind1="1" ind2="0"><subfield code="6">245-03/</subfield><subfield code="a">كتاب الرحمة في اختلاف الائمة،</subfield><subfield code="f">[1072ه، 1661م].</subfield></datafield><datafield tag="880" ind1="1" ind2="0"><subfield code="6">240-02/</subfield><subfield code="a">رحمة الامة في اختلاف الائمة</subfield></datafield><datafield tag="880" ind1="1" ind2=" "><subfield code="6">100-01/</subfield><subfield code="a">عثماني, محمد بن عبد الرحمن.</subfield></datafield><datafield tag="CID" ind1=" " ind2=" "><subfield code="a">006805273</subfield></datafield><datafield tag="DAT" ind1="0" ind2=" "><subfield code="a">20190719102637.0</subfield><subfield code="b">20190719000000.0</subfield></datafield><datafield tag="DAT" ind1="1" ind2=" "><subfield code="a">20190719090653.0</subfield><subfield code="b">2019-07-19T16:11:39Z</subfield></datafield><datafield tag="DAT" ind1="2" ind2=" "><subfield code="a">2015-10-02T18:00:03Z</subfield></datafield><datafield tag="CAT" ind1=" " ind2=" "><subfield code="a">SDR-MIU</subfield><subfield code="d">EX LIBRIS - ALEPH</subfield><subfield code="l">prepare.pl-004-008</subfield></datafield><datafield tag="FMT" ind1=" " ind2=" "><subfield code="a">BK</subfield></datafield><datafield tag="HOL" ind1=" " ind2=" "><subfield code="0">sdr-miu006805273</subfield><subfield code="a">MiU</subfield><subfield code="b">SDR</subfield><subfield code="c">MIU</subfield><subfield code="p">mdp.39015079127141</subfield><subfield code="s">MIU</subfield><subfield code="1">006805273</subfield></datafield><datafield tag="974" ind1=" " ind2=" "><subfield code="b">MIU</subfield><subfield code="c">MIU</subfield><subfield code="d">20190719</subfield><subfield code="s">lit-dlps-dc</subfield><subfield code="u">mdp.39015079127141</subfield><subfield code="y">1661</subfield><subfield code="r">pd</subfield><subfield code="q">bib</subfield><subfield code="t">non-US bib date1 &lt; 1879</subfield></datafield></record></collection>